<?xml version="1.0" encoding="UTF-8"?><record xmlns="http://www.loc.gov/MARC21/slim" xmlns:cinclude="http://apache.org/cocoon/include/1.0" xmlns:zs="http://www.loc.gov/zing/srw/">
  <leader>00403nz  a2200121n  4500</leader>
  <controlfield tag="001">n 2005173719</controlfield>
  <controlfield tag="003">DLC</controlfield>
  <controlfield tag="005">20050630160837.0</controlfield>
  <controlfield tag="008">050630n| acannaabn           n aaa      </controlfield>
  <datafield tag="010" ind1=" " ind2=" ">
    <subfield code="a">n 2005173719</subfield>
  </datafield>
  <datafield tag="040" ind1=" " ind2=" ">
    <subfield code="a">DLC</subfield>
    <subfield code="b">eng</subfield>
    <subfield code="c">DLC</subfield>
  </datafield>
  <datafield tag="100" ind1="1" ind2=" ">
    <subfield code="a">Acock, Olivia A. S.</subfield>
  </datafield>
  <datafield tag="670" ind1=" " ind2=" ">
    <subfield code="a">NUCMC data from Navarro College (Corsicana, Tex.) for His Autograph letter signed, 1850 Mar. 12</subfield>
    <subfield code="b">(Olivia A.S. Acock; of Gonzalez County, Tex.)</subfield>
  </datafield>
</record>